%% This BibTeX bibliography file was created using BibDesk.
%% http://bibdesk.sourceforge.net/


%% Created for Graham Northrup at 2017-03-15 11:48:24 -0500 


%% Saved with string encoding Unicode (UTF-8) 



@article{colors,
	Author = {David E. Somers},
	Date-Added = {2017-03-15 16:40:18 +0000},
	Date-Modified = {2017-03-15 16:48:24 +0000},
	Journal = {Science},
	Title = {Phytochroms and cryptochromes in the entrainment of the Arabidopsis circadian clock},
	Year = {1998}}

@article{control,
	Author = {Junil Kim},
	Date-Added = {2017-03-15 00:11:14 +0000},
	Date-Modified = {2017-03-15 00:13:36 +0000},
	Journal = {Scientific Reports},
	Title = {Discoverey of a kernel for controlling biomolecular regulatory networks},
	Year = {2013}}

@article{digiclocks,
	Author = {Ozgur E. Akman},
	Date-Added = {2017-03-15 00:08:14 +0000},
	Date-Modified = {2017-03-15 00:10:11 +0000},
	Journal = {Journal of The Royal Society},
	Title = {Digital Clocks: simple Boolean models can quantitatively describe circadian systems},
	Year = {2012}}
